@ARTICLE{tremaine2014,
       author = {{Tremaine}, Scott and {Yavetz}, Tomer D.},
        title = "{Why do Earth satellites stay up?}",
      journal = {American Journal of Physics},
     keywords = {Astrophysics - Earth and Planetary Astrophysics, Physics - Classical Physics, Physics - Physics Education},
         year = "2014",
        month = "Aug",
       volume = {82},
       number = {8},
        pages = {769-777},
          doi = {10.1119/1.4874853},
archivePrefix = {arXiv},
       eprint = {1309.5244},
 primaryClass = {astro-ph.EP},
       adsurl = {https://ui.adsabs.harvard.edu/abs/2014AmJPh..82..769T},
      adsnote = {Provided by the SAO/NASA Astrophysics Data System}
}

